<?xml version='1.0' encoding='utf-8'?>
<record xmlns="http://www.loc.gov/MARC21/slim" xmlns:xsi="http://www.w3.org/2001/XMLSchema-instance" xsi:schemaLocation="http://www.loc.gov/MARC21/slim http://www.loc.gov/standards/marcxml/schema/MARC21slim.xsd">
  <leader>00000npca 22012251a 4500</leader>
  <controlfield tag="005">20150716123641.0</controlfield>
  <controlfield tag="008">940218i19071996miu     |           eng |</controlfield>
  <datafield tag="035" ind1=" " ind2=" ">
    <subfield code="a">(RLIN)MIUV86-A54</subfield>
  </datafield>
  <datafield tag="035" ind1=" " ind2=" ">
    <subfield code="a">(OCoLC)ocm85778431</subfield>
  </datafield>
  <datafield tag="040" ind1=" " ind2=" ">
    <subfield code="a">MiU-H</subfield>
    <subfield code="c">MiU-H</subfield>
    <subfield code="e">appm</subfield>
    <subfield code="d">MiU</subfield>
  </datafield>
  <datafield tag="100" ind1="1" ind2=" ">
    <subfield code="a">Sink, Charles A.</subfield>
    <subfield code="q">(Charles Albert),</subfield>
    <subfield code="d">1879-1972.</subfield>
  </datafield>
  <datafield tag="245" ind1="1" ind2="0">
    <subfield code="a">Charles Albert Sink papers,</subfield>
    <subfield code="f">1900-1996.</subfield>
  </datafield>
  <datafield tag="300" ind1=" " ind2=" ">
    <subfield code="a">21 linear ft. and 1 oversize folder.</subfield>
  </datafield>
  <datafield tag="545" ind1="0" ind2=" ">
    <subfield code="a">Republican member of the Michigan state house and the state senate; president of the University Musical Society of Ann Arbor, Michigan.</subfield>
  </datafield>
  <datafield tag="520" ind1=" " ind2=" ">
    <subfield code="a">Legislative and campaign files, 1919-1935, detailing his election campaigns, his activities within the legislature, and his various responsibilities as a member of the Republican State Central Committee; general correspondence files, 1922-1960, largely pertaining to his work with the University Musical Society and to other personal and civic activities;</subfield>
  </datafield>
  <datafield tag="520" ind1=" " ind2=" ">
    <subfield code="a">topical files; family history and memoirs; diaries and journals; papers of wife Alva Gordon Sink; and visual materials.</subfield>
  </datafield>
  <datafield tag="555" ind1="0" ind2=" ">
    <subfield code="a">Finding aid available via World Wide Web at URL: http://quod.lib.umich.edu/cgi/f/findaid/findaid-idx?c=bhlead&amp;idno=umich-bhl-8654</subfield>
  </datafield>
  <datafield tag="555" ind1="0" ind2=" ">
    <subfield code="a">Finding aid in the library.</subfield>
  </datafield>
  <datafield tag="500" ind1=" " ind2=" ">
    <subfield code="a">Donor: 541</subfield>
  </datafield>
  <datafield tag="610" ind1="2" ind2="0">
    <subfield code="a">Ann Arbor Rotary Club.</subfield>
  </datafield>
  <datafield tag="650" ind1=" " ind2="0">
    <subfield code="a">Banks and banking.</subfield>
  </datafield>
  <datafield tag="610" ind1="2" ind2="0">
    <subfield code="a">Eastern Michigan University.</subfield>
  </datafield>
  <datafield tag="650" ind1=" " ind2="0">
    <subfield code="a">Elections</subfield>
    <subfield code="z">Michigan</subfield>
    <subfield code="y">1926.</subfield>
  </datafield>
  <datafield tag="650" ind1=" " ind2="0">
    <subfield code="a">Elections</subfield>
    <subfield code="z">Michigan</subfield>
    <subfield code="y">1928.</subfield>
  </datafield>
  <datafield tag="650" ind1=" " ind2="0">
    <subfield code="a">Elections</subfield>
    <subfield code="z">Michigan</subfield>
    <subfield code="y">1932.</subfield>
  </datafield>
  <datafield tag="610" ind1="2" ind2="0">
    <subfield code="a">First Congregational Church (Ann Arbor, Mich.)</subfield>
  </datafield>
  <datafield tag="600" ind1="1" ind2="0">
    <subfield code="a">Kelsey, Francis W.</subfield>
    <subfield code="q">(Francis Willey),</subfield>
    <subfield code="d">1858-1927.</subfield>
  </datafield>
  <datafield tag="610" ind1="2" ind2="0">
    <subfield code="a">Michigan Historical Commission.</subfield>
  </datafield>
  <datafield tag="610" ind1="1" ind2="0">
    <subfield code="a">Michigan.</subfield>
    <subfield code="b">Legislature.</subfield>
    <subfield code="b">House of Representatives.</subfield>
  </datafield>
  <datafield tag="610" ind1="1" ind2="0">
    <subfield code="a">Michigan.</subfield>
    <subfield code="b">Legislature.</subfield>
    <subfield code="b">Senate.</subfield>
  </datafield>
  <datafield tag="610" ind1="1" ind2="0">
    <subfield code="a">Michigan.</subfield>
    <subfield code="b">Teachers' Retirement Fund Commission.</subfield>
  </datafield>
  <datafield tag="610" ind1="1" ind2="0">
    <subfield code="a">Michigan.</subfield>
    <subfield code="b">Washington Bicentennial Commission.</subfield>
  </datafield>
  <datafield tag="650" ind1=" " ind2="0">
    <subfield code="a">Music</subfield>
    <subfield code="z">Michigan</subfield>
    <subfield code="z">Ann Arbor.</subfield>
  </datafield>
  <datafield tag="650" ind1=" " ind2="0">
    <subfield code="a">Musicians</subfield>
    <subfield code="z">Michigan</subfield>
    <subfield code="z">Ann Arbor.</subfield>
  </datafield>
  <datafield tag="651" ind1=" " ind2="0">
    <subfield code="a">Philippines</subfield>
    <subfield code="x">History</subfield>
    <subfield code="y">1898-1946.</subfield>
  </datafield>
  <datafield tag="610" ind1="2" ind2="0">
    <subfield code="a">Republican Party (Mich.)</subfield>
  </datafield>
  <datafield tag="650" ind1=" " ind2="0">
    <subfield code="a">Roads</subfield>
    <subfield code="z">Michigan.</subfield>
  </datafield>
  <datafield tag="600" ind1="1" ind2="0">
    <subfield code="a">Sink, Alva Joanna Gordon.</subfield>
  </datafield>
  <datafield tag="600" ind1="1" ind2="0">
    <subfield code="a">Sink, Charles A.</subfield>
    <subfield code="q">(Charles Albert),</subfield>
    <subfield code="d">1879-1972.</subfield>
  </datafield>
  <datafield tag="610" ind1="2" ind2="0">
    <subfield code="a">Starr Commonwealth for Boys.</subfield>
  </datafield>
  <datafield tag="650" ind1=" " ind2="0">
    <subfield code="a">Voyages and travels.</subfield>
  </datafield>
  <datafield tag="610" ind1="2" ind2="0">
    <subfield code="a">University of Michigan</subfield>
    <subfield code="x">Finance.</subfield>
  </datafield>
  <datafield tag="610" ind1="2" ind2="0">
    <subfield code="a">University of Michigan</subfield>
    <subfield code="x">Choral organizations.</subfield>
  </datafield>
  <datafield tag="610" ind1="2" ind2="0">
    <subfield code="a">University of Michigan.</subfield>
    <subfield code="b">School of Music.</subfield>
  </datafield>
  <datafield tag="610" ind1="2" ind2="0">
    <subfield code="a">University of Michigan.</subfield>
    <subfield code="b">University Musical Society.</subfield>
  </datafield>
  <datafield tag="650" ind1=" " ind2="0">
    <subfield code="a">Public schools</subfield>
    <subfield code="z">Michigan</subfield>
    <subfield code="z">Ann Arbor.</subfield>
  </datafield>
  <datafield tag="610" ind1="2" ind2="0">
    <subfield code="a">University of Michigan</subfield>
    <subfield code="x">Orchestras.</subfield>
  </datafield>
  <datafield tag="610" ind1="2" ind2="0">
    <subfield code="a">National Association of Concert Managers.</subfield>
  </datafield>
  <datafield tag="655" ind1=" " ind2="7">
    <subfield code="a">Diaries.</subfield>
    <subfield code="2">aat</subfield>
  </datafield>
  <datafield tag="700" ind1="1" ind2=" ">
    <subfield code="a">Bates, Henry Moore,</subfield>
    <subfield code="d">1869-1949.</subfield>
  </datafield>
  <datafield tag="700" ind1="1" ind2=" ">
    <subfield code="a">Beal, Junius E.</subfield>
    <subfield code="q">(Junius Emery),</subfield>
    <subfield code="d">1860-1942.</subfield>
  </datafield>
  <datafield tag="700" ind1="1" ind2=" ">
    <subfield code="a">Bonisteel, Roscoe O.</subfield>
    <subfield code="q">(Roscoe Osmond),</subfield>
    <subfield code="d">1888-</subfield>
  </datafield>
  <datafield tag="700" ind1="1" ind2=" ">
    <subfield code="a">Boyles, Emerson R.,</subfield>
    <subfield code="d">1881-1960.</subfield>
  </datafield>
  <datafield tag="700" ind1="1" ind2=" ">
    <subfield code="a">Brucker, Wilber Marion,</subfield>
    <subfield code="d">1894-1968.</subfield>
  </datafield>
  <datafield tag="700" ind1="1" ind2=" ">
    <subfield code="a">Burton, Marion Le Roy,</subfield>
    <subfield code="d">1874-1925.</subfield>
  </datafield>
  <datafield tag="700" ind1="1" ind2=" ">
    <subfield code="a">Burton, Nina M.</subfield>
  </datafield>
  <datafield tag="700" ind1="1" ind2=" ">
    <subfield code="a">Cabot, Hugh,</subfield>
    <subfield code="d">1872-1945.</subfield>
  </datafield>
  <datafield tag="700" ind1="1" ind2=" ">
    <subfield code="a">Clancy, Robert Henry,</subfield>
    <subfield code="d">1882-1962.</subfield>
  </datafield>
  <datafield tag="700" ind1="1" ind2=" ">
    <subfield code="a">Clements, William L.</subfield>
    <subfield code="q">(William Lawrence),</subfield>
    <subfield code="d">1861-1934.</subfield>
  </datafield>
  <datafield tag="700" ind1="1" ind2=" ">
    <subfield code="a">Comstock, William Alfred,</subfield>
    <subfield code="d">1877-1949.</subfield>
  </datafield>
  <datafield tag="700" ind1="1" ind2=" ">
    <subfield code="a">Cooley, Mortimer E.</subfield>
    <subfield code="q">(Mortimer Elwyn),</subfield>
    <subfield code="d">1855-1944.</subfield>
  </datafield>
  <datafield tag="700" ind1="1" ind2=" ">
    <subfield code="a">Copeland, Royal S.</subfield>
    <subfield code="q">(Royal Samuel),</subfield>
    <subfield code="d">1868-1938.</subfield>
  </datafield>
  <datafield tag="700" ind1="1" ind2=" ">
    <subfield code="a">Couzens, James,</subfield>
    <subfield code="d">1872-1936.</subfield>
  </datafield>
  <datafield tag="700" ind1="1" ind2=" ">
    <subfield code="a">Dickinson, Luren Dudley,</subfield>
    <subfield code="d">1859-1943.</subfield>
  </datafield>
  <datafield tag="700" ind1="1" ind2=" ">
    <subfield code="a">Fitzgerald, Frank D.</subfield>
    <subfield code="q">(Frank Dwight),</subfield>
    <subfield code="d">1885-1939.</subfield>
  </datafield>
  <datafield tag="700" ind1="1" ind2=" ">
    <subfield code="a">Ford, Edsel,</subfield>
    <subfield code="d">1893-1943.</subfield>
  </datafield>
  <datafield tag="700" ind1="1" ind2=" ">
    <subfield code="a">Gansser, Augustus H.,</subfield>
    <subfield code="d">1872-</subfield>
  </datafield>
  <datafield tag="700" ind1="1" ind2=" ">
    <subfield code="a">Green, Fred Warren,</subfield>
    <subfield code="d">1872-1936.</subfield>
  </datafield>
  <datafield tag="700" ind1="1" ind2=" ">
    <subfield code="a">Groesbeck, Alexander J.</subfield>
    <subfield code="q">(Alexander Joseph),</subfield>
    <subfield code="d">1873-1953.</subfield>
  </datafield>
  <datafield tag="700" ind1="1" ind2=" ">
    <subfield code="a">Hudson, Grant Martin,</subfield>
    <subfield code="d">1868-1955.</subfield>
  </datafield>
  <datafield tag="700" ind1="1" ind2=" ">
    <subfield code="a">Hutchins, Harry B.</subfield>
    <subfield code="q">(Harry Burns),</subfield>
    <subfield code="d">1847-1930.</subfield>
  </datafield>
  <datafield tag="700" ind1="1" ind2=" ">
    <subfield code="a">Inglis, James,</subfield>
    <subfield code="d">1864-</subfield>
  </datafield>
  <datafield tag="700" ind1="1" ind2=" ">
    <subfield code="a">Lennon, Peter B.,</subfield>
    <subfield code="d">1878-</subfield>
  </datafield>
  <datafield tag="700" ind1="1" ind2=" ">
    <subfield code="a">Little, Clarence C.</subfield>
    <subfield code="q">(Clarence Cook),</subfield>
    <subfield code="d">1888-1971.</subfield>
  </datafield>
  <datafield tag="700" ind1="1" ind2=" ">
    <subfield code="a">Lockwood, Albert Lewis,</subfield>
    <subfield code="d">1871-1933.</subfield>
  </datafield>
  <datafield tag="700" ind1="1" ind2=" ">
    <subfield code="a">McKay, Frank D.,</subfield>
    <subfield code="d">1883-</subfield>
  </datafield>
  <datafield tag="700" ind1="1" ind2=" ">
    <subfield code="a">McNutt, Paul Vories,</subfield>
    <subfield code="d">1891-1951.</subfield>
  </datafield>
  <datafield tag="700" ind1="1" ind2=" ">
    <subfield code="a">Malcolm, George A.</subfield>
    <subfield code="q">(George Arthur),</subfield>
    <subfield code="d">1881-1961.</subfield>
  </datafield>
  <datafield tag="700" ind1="1" ind2=" ">
    <subfield code="a">Mencken, H. L.</subfield>
    <subfield code="q">(Henry Louis),</subfield>
    <subfield code="d">1880-1956.</subfield>
  </datafield>
  <datafield tag="700" ind1="1" ind2=" ">
    <subfield code="a">Menuhin, Yehudi,</subfield>
    <subfield code="d">1916-1999.</subfield>
  </datafield>
  <datafield tag="700" ind1="1" ind2=" ">
    <subfield code="a">Michener, Earl C.</subfield>
    <subfield code="q">(Earl Cory),</subfield>
    <subfield code="d">1876-1957.</subfield>
  </datafield>
  <datafield tag="700" ind1="1" ind2=" ">
    <subfield code="a">Moore, Earl Vincent,</subfield>
    <subfield code="d">1890-1987.</subfield>
  </datafield>
  <datafield tag="700" ind1="1" ind2=" ">
    <subfield code="a">Munn, John.</subfield>
  </datafield>
  <datafield tag="700" ind1="1" ind2=" ">
    <subfield code="a">Murfin, James Orin,</subfield>
    <subfield code="d">1875-1940.</subfield>
  </datafield>
  <datafield tag="700" ind1="1" ind2=" ">
    <subfield code="a">Murphy, Frank,</subfield>
    <subfield code="d">1890-1949.</subfield>
  </datafield>
  <datafield tag="700" ind1="1" ind2=" ">
    <subfield code="a">Osborn, Chase S.</subfield>
    <subfield code="q">(Chase Salmon),</subfield>
    <subfield code="d">1860-1949.</subfield>
  </datafield>
  <datafield tag="700" ind1="1" ind2=" ">
    <subfield code="a">Palmer, Milton R.,</subfield>
    <subfield code="d">1878-</subfield>
  </datafield>
  <datafield tag="700" ind1="1" ind2=" ">
    <subfield code="a">Person, Seymour Howe,</subfield>
    <subfield code="d">1879-1957.</subfield>
  </datafield>
  <datafield tag="700" ind1="1" ind2=" ">
    <subfield code="a">Potter, William W.,</subfield>
    <subfield code="d">1869-1940.</subfield>
  </datafield>
  <datafield tag="700" ind1="1" ind2=" ">
    <subfield code="a">Price, Percival,</subfield>
    <subfield code="d">1901-1985.</subfield>
  </datafield>
  <datafield tag="700" ind1="1" ind2=" ">
    <subfield code="a">Sawyer, Walter H.</subfield>
    <subfield code="q">(Walter Hulme),</subfield>
    <subfield code="d">1861-1931.</subfield>
  </datafield>
  <datafield tag="700" ind1="1" ind2=" ">
    <subfield code="a">Shute, Nevil,</subfield>
    <subfield code="d">1899-1960.</subfield>
  </datafield>
  <datafield tag="700" ind1="1" ind2=" ">
    <subfield code="a">Sink, Alva Joanna Gordon.</subfield>
  </datafield>
  <datafield tag="700" ind1="1" ind2=" ">
    <subfield code="a">Smith, Shirley Wheeler,</subfield>
    <subfield code="d">1875-1959.</subfield>
  </datafield>
  <datafield tag="700" ind1="1" ind2=" ">
    <subfield code="a">Stanley, Albert A.</subfield>
    <subfield code="q">(Albert Augustus),</subfield>
    <subfield code="d">1851-1932.</subfield>
  </datafield>
  <datafield tag="700" ind1="1" ind2=" ">
    <subfield code="a">Stone, Ralph,</subfield>
    <subfield code="d">1868-1956.</subfield>
  </datafield>
  <datafield tag="700" ind1="1" ind2=" ">
    <subfield code="a">Turner, William F.</subfield>
  </datafield>
  <datafield tag="700" ind1="1" ind2=" ">
    <subfield code="a">Upjohn, James T.</subfield>
  </datafield>
  <datafield tag="700" ind1="1" ind2=" ">
    <subfield code="a">Vandenberg, Arthur H.</subfield>
    <subfield code="q">(Arthur Hendrick),</subfield>
    <subfield code="d">1884-1951.</subfield>
  </datafield>
  <datafield tag="700" ind1="1" ind2=" ">
    <subfield code="a">Wiley, Merlin,</subfield>
    <subfield code="d">1875-</subfield>
  </datafield>
  <datafield tag="700" ind1="1" ind2=" ">
    <subfield code="a">Woodruff, Roy Orchard,</subfield>
    <subfield code="d">1876-1953.</subfield>
  </datafield>
  <datafield tag="852" ind1=" " ind2=" ">
    <subfield code="a">Bentley Historical Library,</subfield>
    <subfield code="b">University of Michigan,</subfield>
    <subfield code="c">Ann Arbor, Michigan 48109-2113</subfield>
  </datafield>
  <datafield tag="856" ind1="4" ind2="2">
    <subfield code="3">Finding aid:</subfield>
    <subfield code="u">http://quod.lib.umich.edu/cgi/f/findaid/findaid-idx?c=bhlead&amp;idno=umich-bhl-8654</subfield>
  </datafield>
  <datafield tag="997" ind1=" " ind2=" ">
    <subfield code="a">MARS</subfield>
  </datafield>
  <datafield tag="998" ind1=" " ind2=" ">
    <subfield code="s">9554</subfield>
  </datafield>
</record>
